<?xml version="1.0" encoding="UTF-8"?><record xmlns="http://www.loc.gov/MARC21/slim" xmlns:cinclude="http://apache.org/cocoon/include/1.0" xmlns:zs="http://www.loc.gov/zing/srw/">
  <leader>00466nz  a2200133n  4500</leader>
  <controlfield tag="001">n  95803638 </controlfield>
  <controlfield tag="003">DLC</controlfield>
  <controlfield tag="005">19951219141619.5</controlfield>
  <controlfield tag="008">951219n| acannaab|          |a ana ||| b</controlfield>
  <datafield tag="010" ind1=" " ind2=" ">
    <subfield code="a">n  95803638 </subfield>
  </datafield>
  <datafield tag="040" ind1=" " ind2=" ">
    <subfield code="a">DNLM</subfield>
    <subfield code="c">DLC</subfield>
  </datafield>
  <datafield tag="110" ind1="2" ind2="0">
    <subfield code="a">National Gerontological Nursing Association</subfield>
  </datafield>
  <datafield tag="410" ind1="2" ind2="0">
    <subfield code="a">NGNA</subfield>
  </datafield>
  <datafield tag="670" ind1=" " ind2=" ">
    <subfield code="a">NGNA core curriculum for gerontological nursing, c1996:</subfield>
    <subfield code="b">t.p. (National Gerontological Nursing Association) cover p. 1 (National Gerontological Nursing Association)</subfield>
  </datafield>
</record>